<record><leader>00000cas a2200000 a 4500</leader><controlfield tag="001">45614977</controlfield><controlfield tag="008">001221d197219uuazumr ne      0   a0eng d</controlfield><datafield ind1=" " ind2=" " tag="010"><subfield code="a">sn 00060091 </subfield></datafield><datafield ind1=" " ind2=" " tag="040"><subfield code="a">ANN</subfield><subfield code="b">eng</subfield><subfield code="c">ANN</subfield><subfield code="d">CRL</subfield><subfield code="d">OCLCO</subfield></datafield><datafield ind1="1" ind2=" " tag="029"><subfield code="a">AU@</subfield><subfield code="b">000025731698</subfield></datafield><datafield ind1=" " ind2=" " tag="042"><subfield code="a">msc</subfield></datafield><datafield ind1=" " ind2=" " tag="043"><subfield code="a">n-us-az</subfield></datafield><datafield ind1="0" ind2="0" tag="245"><subfield code="a">Mohave.</subfield></datafield><datafield ind1=" " ind2=" " tag="260"><subfield code="a">Kingman, Ariz. :</subfield><subfield code="b">Mohave County Miner, Inc.</subfield></datafield><datafield ind1=" " ind2=" " tag="300"><subfield code="a">v. :</subfield><subfield code="b">ill. (some col.)</subfield></datafield><datafield ind1=" " ind2=" " tag="310"><subfield code="a">Monthly, June 1975-</subfield></datafield><datafield ind1=" " ind2=" " tag="321"><subfield code="a">Bimonthly, Apr.1972-Apr. 1975</subfield></datafield><datafield ind1="0" ind2=" " tag="362"><subfield code="a">Vol. 1, no. 1 (Apr. 6, 1972)-</subfield></datafield><datafield ind1=" " ind2=" " tag="580"><subfield code="a">Magazine supplement to: Mohave County Miner; Mohave Valley News; Kingman Daily Miner; Lake Havasu City Herald.</subfield></datafield><datafield ind1=" " ind2="0" tag="651"><subfield code="a">Kingman (Ariz.)</subfield><subfield code="v">Newspapers.</subfield></datafield><datafield ind1=" " ind2="0" tag="651"><subfield code="a">Mohave County (Ala.)</subfield><subfield code="v">Newspapers.</subfield></datafield><datafield ind1=" " ind2=" " tag="752"><subfield code="a">United States</subfield><subfield code="b">Arizona</subfield><subfield code="c">Mohave</subfield><subfield code="d">Kingman.</subfield></datafield><datafield ind1="0" ind2=" " tag="772"><subfield code="t">Mohave Valley news</subfield><subfield code="g">1972-1991</subfield><subfield code="w">(DLC)sn sn 9202480</subfield></datafield><datafield ind1="0" ind2=" " tag="772"><subfield code="t">Lake Havasu City Herald</subfield><subfield code="g">1972-1978</subfield><subfield code="w">(DLC)sn 9303661</subfield></datafield><datafield ind1="0" ind2=" " tag="772"><subfield code="t">Mohave County miner</subfield><subfield code="g">1972-1974</subfield><subfield code="w">(DLC)sn 82014377</subfield></datafield><datafield ind1="0" ind2=" " tag="772"><subfield code="t">Kingman daily miner and Mohave County miner</subfield><subfield code="g">1974-1980</subfield><subfield code="w">(DLC)sn 96060549</subfield></datafield><datafield ind1="0" ind2=" " tag="772"><subfield code="t">Kingman daily miner (Kingman, Ariz. : 1980)</subfield><subfield code="g">1980-1983</subfield><subfield code="w">(DLC)sn 84002769</subfield></datafield><datafield ind1="0" ind2=" " tag="772"><subfield code="t">Mohave daily miner and Kingman daily miner</subfield><subfield code="g">1984</subfield><subfield code="w">(DLC)sn 8409854</subfield></datafield><datafield ind1="0" ind2=" " tag="772"><subfield code="t">Mohave daily miner (Kingman, Ariz. : 1984)</subfield><subfield code="g">1984-1990</subfield><subfield code="w">(DLC)sn 96060550</subfield></datafield><datafield ind1="0" ind2=" " tag="772"><subfield code="t">Kingman Daily Miner (Kingman, Ariz. : 1990)</subfield><subfield code="g">1990-</subfield><subfield code="w">(DLC)sn 96060551</subfield></datafield></record>